@book{Mead1989,
author    = {Mead, Carver},
editor    = {Mead, Carver and Ismail, Mohammed},
chapter   = {Adaptive Retina},
title     = {Analog VLSI Implementation of Neural Systems},
year      = {1989},
date      = {1998},
publisher = {Springer US},
address   = {Boston, MA},
pages     = {239--246},
isbn      = {978-1-4613-1639-8},

}

@ARTICLE{delbruck_dvs, 
  author={P. Lichtsteiner and C. Posch and T. Delbruck}, 
  journal={IEEE Journal of Solid-State Circuits}, 
  title={A 128x128 120 dB 15 us Latency Asynchronous Temporal Contrast Vision Sensor}, 
  year={2008}, 
  volume={43}, 
  number={2}, 
  pages={566-576}, 
  doi={10.1109/JSSC.2007.914337}, 
  ISSN={0018-9200}, 
  month={Feb},}


@ARTICLE{bernabe_dvs, 
  author={J. A. Lenero-Bardallo and T. Serrano-Gotarredona and B. Linares-Barranco}, 
  journal={IEEE Journal of Solid-State Circuits}, 
  title={A 3.6  us Latency Asynchronous Frame-Free Event-Driven Dynamic-Vision-Sensor}, 
  year={2011}, 
  volume={46}, 
  number={6}, 
  pages={1443-1455}, 
  doi={10.1109/JSSC.2011.2118490}, 
  ISSN={0018-9200}, 
  month={June},}

@INPROCEEDINGS{dvs_emu, 
  author={M. L. Katz and K. Nikolic and T. Delbruck}, 
  booktitle={Circuits and Systems (ISCAS), 2012 IEEE International Symposium on}, 
  title={Live demonstration: Behavioural emulation of event-based vision sensors}, 
  year={2012}, 
  pages={736-740}, 
  keywords={cameras;image colour analysis;image resolution;image sensors;peripheral interfaces;DVS+cDVS pixel;PS3-eye camera;activity-driven event-based vision sensor;behavioural emulation;colour QVGA resolution;colour-change sensitive DVS;dynamic vision sensor;high frame-rate USB camera;jAER software project;Brightness;Cameras;Emulation;Image color analysis;Sensors;Software;Voltage control;Associated Track 11.1;Image and Vision Sensors;Sensory Systems}, 
  doi={10.1109/ISCAS.2012.6272143}, 
  ISSN={0271-4302}, 
  month={May},}

@book{Poynton_digital_video,
  author = {Poynton, Charles},
  title = {Digital Video and HDTV Algorithms and Interfaces},
  year = {2003},
  isbn = {1558607927},
  edition = {1},
  publisher = {Morgan Kaufmann Publishers Inc.},
  address = {San Francisco, CA, USA},
} 
